@article{kreativita,
        author={Nguyen,J.},
        year={2016},
        title={Minecraft and the building blocks of creative individuality},
        journal={Configurations},
        volume={24},
        number={4},
        pages={471-500},
        note={Cited By :14},
        language={English},
        url={www.scopus.com},
}

@article{ANDERSEN2022100094,
title = {Using Minecraft as an educational tool for supporting collaboration as a 21st century skill},
journal = {Computers and Education Open},
volume = {3},
pages = {100094},
year = {2022},
issn = {2666-5573},
doi = {https://doi.org/10.1016/j.caeo.2022.100094},
url = {https://www.sciencedirect.com/science/article/pii/S2666557322000222},
author = {Renate Andersen and Mikkel Rustad},
}